<record xmlns="http://www.loc.gov/MARC21/slim" xmlns:xsi="http://www.w3.org/2001/XMLSchema-instance" xsi:schemaLocation="http://www.loc.gov/MARC21/slim http://www.loc.gov/standards/marcxml/schema/MARC21slim.xsd"><leader>02491nam a2200421   4500</leader><controlfield tag="001">002861605</controlfield><controlfield tag="003">NNU</controlfield><controlfield tag="006">m        d        </controlfield><controlfield tag="007">cr cn |||m|||a</controlfield><controlfield tag="008">150223m19601964xx h    ob    000 0 ara</controlfield><datafield ind1=" " ind2=" " tag="040"><subfield code="a">NNU</subfield><subfield code="b">eng</subfield><subfield code="e">rda</subfield><subfield code="c">NNU</subfield></datafield><datafield ind1="0" ind2="0" tag="050"><subfield code="a">B753.G33</subfield><subfield code="b">I54 1960</subfield></datafield><datafield ind1="1" ind2=" " tag="100"><subfield code="6">880-01</subfield><subfield code="a">Fayd&#803; al-Ka&#772;shi&#772;, Muh&#803;ammad ibn Murtad&#803;a&#769;,</subfield><subfield code="d">1598 or 1599-1680 or 1681.</subfield></datafield><datafield ind1="1" ind2="3" tag="245"><subfield code="6">880-02</subfield><subfield code="a">al-Mah&#803;ajjah al-bayd&#803;a&#772;&#700; fi&#772; tahdhi&#772;b al-Ih&#803;ya&#772;&#700;.</subfield></datafield><datafield ind1=" " ind2=" " tag="260"><subfield code="6">880-03</subfield><subfield code="a">T&#803;ihra&#772;n :</subfield><subfield code="b">Maktabat al-S&#803;adu&#772;q,</subfield><subfield code="c">1339-1342 [1960-1964]</subfield></datafield><datafield ind1=" " ind2=" " tag="300"><subfield code="a">online resource (8 volumes) :</subfield><subfield code="b">facsimiles</subfield></datafield><datafield ind1=" " ind2=" " tag="336"><subfield code="a">text</subfield><subfield code="2">rdacontent</subfield></datafield><datafield ind1=" " ind2=" " tag="337"><subfield code="a">computer</subfield><subfield code="2">rdamedia</subfield></datafield><datafield ind1=" " ind2=" " tag="338"><subfield code="a">online resource</subfield><subfield code="2">rdacarrier</subfield></datafield><datafield ind1=" " ind2=" " tag="500"><subfield code="a">Romanized.</subfield></datafield><datafield ind1=" " ind2=" " tag="500"><subfield code="a">Part of the Arabic Collections Online (ACO) project, contributed by New York Univeristy Libraries.</subfield></datafield><datafield ind1=" " ind2=" " tag="504"><subfield code="a">Includes bibliographical references (v. 1, pages 36-38).</subfield></datafield><datafield ind1=" " ind2=" " tag="533"><subfield code="a">Electronic reproduction.</subfield><subfield code="b">New York, N.Y. :</subfield><subfield code="c">New York University,</subfield><subfield code="d">2015.</subfield><subfield code="5">NNU</subfield></datafield><datafield ind1="0" ind2="0" tag="600"><subfield code="6">880-04</subfield><subfield code="a">Ghazza&#772;li&#772;,</subfield><subfield code="d">1058-1111.</subfield><subfield code="t">Ih&#803;ya&#772;&#700; &#699;ulu&#772;m al-di&#772;n.</subfield></datafield><datafield ind1="0" ind2="7" tag="630"><subfield code="a">Ih&#803;ya&#772;&#700; &#699;ulu&#772;m al-di&#772;n (Ghazza&#772;li&#772;)</subfield><subfield code="2">fast</subfield><subfield code="0">(OCoLC)fst01365605</subfield></datafield><datafield ind1="1" ind2=" " tag="700"><subfield code="6">880-05</subfield><subfield code="a">Ghaff&#257;r&#299;, &#699;Al&#299; Akbar</subfield><subfield code="e">editor.</subfield></datafield><datafield ind1="2" ind2=" " tag="710"><subfield code="a">New York University.</subfield><subfield code="b">Libraries.</subfield></datafield><datafield ind1="0" ind2=" " tag="730"><subfield code="a">Arabic Collections Online.</subfield></datafield><datafield ind1="0" ind2="8" tag="776"><subfield code="i">Online version:</subfield><subfield code="a">Fayd&#803; al-Ka&#772;shi&#772;, Muh&#803;ammad ibn Murtad&#803;a&#769;, 1598 or 9-1680 or 81.</subfield><subfield code="t">Mah&#803;ajjah al-bayd&#803;a&#772;&#700; fi&#772; tahdhi&#772;b al-Ih&#803;ya&#772;&#700;.</subfield><subfield code="d">1939-42 [1960-63 or 4]</subfield><subfield code="w">(OCoLC)636866052</subfield></datafield><datafield ind1="0" ind2="8" tag="776"><subfield code="i">Print version:</subfield><subfield code="a">Fayd&#803; al-Ka&#772;shi&#772;, Muh&#803;ammad ibn Murtad&#803;a&#769;, 1598 or 1599-1680 or 1681.</subfield><subfield code="t">al-Mah&#803;ajjah al-bayd&#803;a&#772;&#700; fi&#772; tahdhi&#772;b al-Ih&#803;ya&#772;&#700;</subfield><subfield code="w">(NNU)002861605</subfield><subfield code="w">(DLC)ne 64000354</subfield></datafield><datafield ind1="4" ind2="0" tag="856"><subfield code="u">http://hdl.handle.net/2333.1/sbcc2j3h</subfield></datafield><datafield ind1="1" ind2=" " tag="880"><subfield code="6">100-01/</subfield><subfield code="a">&#1601;&#1610;&#1590; &#1575;&#1604;&#1603;&#1575;&#1588;&#1610;&#1548; &#1605;&#1581;&#1605;&#1583; &#1576;&#1606; &#1605;&#1585;&#1578;&#1590;&#1609;&#1548;</subfield><subfield code="d">1598 or 1599-1680 or 1681.</subfield></datafield><datafield ind1="1" ind2="3" tag="880"><subfield code="6">245-02/</subfield><subfield code="a">&#1575;&#1604;&#1605;&#1581;&#1580;&#1577; &#1575;&#1604;&#1576;&#1610;&#1590;&#1575;&#1569; &#1601;&#1610; &#1578;&#1607;&#1584;&#1610;&#1576; &#1575;&#1604;&#1573;&#1581;&#1610;&#1575;&#1569; /</subfield><subfield code="c">&#1578;&#1571;&#1604;&#1610;&#1601; &#1605;&#1581;&#1605;&#1583; &#1576;&#1606; &#1575;&#1604;&#1605;&#1585;&#1576;&#1590;&#1609; &#1575;&#1604;&#1605;&#1583;&#1593;&#1608; &#1576;&#1575;&#1604;&#1605;&#1608;&#1604;&#1609; &#1605;&#1581;&#1587;&#1606; &#1575;&#1604;&#1603;&#1575;&#1588;&#1575;&#1606;&#1610; &#1563; &#1589;&#1581;&#1581;&#1607; &#1608;&#1593;&#1604;&#1602; &#1593;&#1604;&#1610;&#1607; &#1593;&#1604;&#1610; &#1571;&#1603;&#1576;&#1585; &#1575;&#1604;&#1594;&#1601;&#1575;&#1585;&#1610;.</subfield></datafield><datafield ind1=" " ind2=" " tag="880"><subfield code="6">260-03/</subfield><subfield code="a">&#1591;&#1607;&#1585;&#1575;&#1606; :</subfield><subfield code="b">&#1605;&#1603;&#1578;&#1576;&#1577; &#1575;&#1604;&#1589;&#1583;&#1608;&#1602;&#1548;</subfield><subfield code="c">&#1633;&#1635;&#1635;&#1641;-&#1633;&#1635;&#1636;&#1634;.</subfield></datafield><datafield ind1="0" ind2="4" tag="880"><subfield code="6">600-04/</subfield><subfield code="a">&#1594;&#1586;&#1575;&#1604;&#1610;.</subfield><subfield code="t">&#1573;&#1581;&#1610;&#1575;&#1569; &#1593;&#1604;&#1608;&#1605; &#1575;&#1604;&#1583;&#1610;&#1606;.</subfield></datafield><datafield ind1="1" ind2=" " tag="880"><subfield code="6">700-05/</subfield><subfield code="a">&#1594;&#1601;&#1575;&#1585;&#1610;&#1548; &#1593;&#1604;&#1610; &#1571;&#1603;&#1576;&#1585;.</subfield></datafield><datafield ind1=" " ind2=" " tag="959"><subfield code="a">NNU</subfield><subfield code="b">WEB</subfield><subfield code="c">GENI</subfield><subfield code="t">0</subfield><subfield code="m">Electronic access</subfield><subfield code="s">01</subfield></datafield><datafield ind1=" " ind2=" " tag="999"><subfield code="i">NNU_002861605</subfield><subfield code="s">nyu_aco000143:v.1/2</subfield><subfield code="s">nyu_aco000144:v.3/4</subfield><subfield code="s">nyu_aco000145:v.5/6</subfield><subfield code="s">nyu_aco000146:v.7/8</subfield></datafield></record>